\begin{document}

@inproceedings{NIPS2015_11d0e628,
 author = {Feurer, Matthias and Klein, Aaron and Eggensperger, Katharina and Springenberg, Jost and Blum, Manuel and Hutter, Frank},
 booktitle = {Advances in Neural Information Processing Systems},
 editor = {C. Cortes and N. Lawrence and D. Lee and M. Sugiyama and R. Garnett},
 pages = {},
 publisher = {Curran Associates, Inc.},
 title = {Efficient and Robust Automated Machine Learning},
 url = {https://proceedings.neurips.cc/paper/2015/file/11d0e6287202fced83f79975ec59a3a6-Paper.pdf},
 volume = {28},
 year = {2015}
}

@inproceedings{lundberg2017unified,
  title={A unified approach to interpreting model predictions},
  author={Lundberg, Scott M and Lee, Su-In},
  booktitle={Proceedings of the 31st international conference on neural information processing systems},
  pages={4768--4777},
  year={2017}
}

@inproceedings{thornton2013auto,
  title={Auto-WEKA: Combined selection and hyperparameter optimization of classification algorithms},
  author={Thornton, Chris and Hutter, Frank and Hoos, Holger H and Leyton-Brown, Kevin},
  booktitle={Proceedings of the 19th ACM SIGKDD international conference on Knowledge discovery and data mining},
  pages={847--855},
  year={2013}
}

@article{gkaa1057,
    author = {Kolmykov, Semyon and Yevshin, Ivan and Kulyashov, Mikhail and Sharipov, Ruslan and Kondrakhin, Yury and Makeev, Vsevolod J and Kulakovskiy, Ivan V and Kel, Alexander and Kolpakov, Fedor},
    title = "{GTRD: an integrated view of transcription regulation}",
    journal = {Nucleic Acids Research},
    volume = {49},
    number = {D1},
    pages = {D104-D111},
    year = {2020},
    month = {11},
    abstract = "{The Gene Transcription Regulation Database (GTRD; http://gtrd.biouml.org/) contains uniformly annotated and processed NGS data related to gene transcription regulation: ChIP-seq, ChIP-exo, DNase-seq, MNase-seq, ATAC-seq and RNA-seq. With the latest release, the database has reached a new level of data integration. All cell types (cell lines and tissues) presented in the GTRD were arranged into a dictionary and linked with different ontologies (BRENDA, Cell Ontology, Uberon, Cellosaurus and Experimental Factor Ontology) and with related experiments in specialized databases on transcription regulation (FANTOM5, ENCODE and GTEx). The updated version of the GTRD provides an integrated view of transcription regulation through a dedicated web interface with advanced browsing and search capabilities, an integrated genome browser, and table reports by cell types, transcription factors, and genes of interest.}",
    issn = {0305-1048},
    doi = {10.1093/nar/gkaa1057},
    url = {https://doi.org/10.1093/nar/gkaa1057},
    eprint = {https://academic.oup.com/nar/article-pdf/49/D1/D104/35364856/gkaa1057.pdf},
}

@inproceedings{chen2016xgboost,
  title={Xgboost: A scalable tree boosting system},
  author={Chen, Tianqi and Guestrin, Carlos},
  booktitle={Proceedings of the 22nd acm sigkdd international conference on knowledge discovery and data mining},
  pages={785--794},
  year={2016}
}

@article{scikit-learn,
 title={Scikit-learn: Machine Learning in {P}ython},
 author={Pedregosa, F. and Varoquaux, G. and Gramfort, A. and Michel, V.
         and Thirion, B. and Grisel, O. and Blondel, M. and Prettenhofer, P.
         and Weiss, R. and Dubourg, V. and Vanderplas, J. and Passos, A. and
         Cournapeau, D. and Brucher, M. and Perrot, M. and Duchesnay, E.},
 journal={Journal of Machine Learning Research},
 volume={12},
 pages={2825--2830},
 year={2011}
}

@incollection{NEURIPS2019_9015,
title = {PyTorch: An Imperative Style, High-Performance Deep Learning Library},
author = {Paszke, Adam and Gross, Sam and Massa, Francisco and Lerer, Adam and Bradbury, James and Chanan, Gregory and Killeen, Trevor and Lin, Zeming and Gimelshein, Natalia and Antiga, Luca and Desmaison, Alban and Kopf, Andreas and Yang, Edward and DeVito, Zachary and Raison, Martin and Tejani, Alykhan and Chilamkurthy, Sasank and Steiner, Benoit and Fang, Lu and Bai, Junjie and Chintala, Soumith},
booktitle = {Advances in Neural Information Processing Systems 32},
editor = {H. Wallach and H. Larochelle and A. Beygelzimer and F. d\textquotesingle Alch\'{e}-Buc and E. Fox and R. Garnett},
pages = {8024--8035},
year = {2019},
publisher = {Curran Associates, Inc.},
url = {http://papers.neurips.cc/paper/9015-pytorch-an-imperative-style-high-performance-deep-learning-library.pdf}
}

@article{roth_1988,
  title={The Shapley value : essays in honor of Lloyd S. Shapley},
  author={Alvin E. Roth and Lloyd S. Shapley},
  journal={Economica},
  year={1991},
  volume={101},
  pages={123}
}

@article{grnboost2,
author = {Moerman, Thomas and Aibar, Sara and Bravo González-Blas, Carmen and Simm, Jaak and Moreau, Yves and Aerts, Jan and Aerts, Stein},
year = {2018},
month = {11},
pages = {},
title = {GRNBoost2 and Arboreto: Efficient and scalable inference of gene regulatory networks},
volume = {35},
journal = {Bioinformatics (Oxford, England)},
doi = {10.1093/bioinformatics/bty916}
}

@article{2020SciPy-NMeth,
  author  = {Virtanen, Pauli and Gommers, Ralf and Oliphant, Travis E. and
            Haberland, Matt and Reddy, Tyler and Cournapeau, David and
            Burovski, Evgeni and Peterson, Pearu and Weckesser, Warren and
            Bright, Jonathan and {van der Walt}, St{\'e}fan J. and
            Brett, Matthew and Wilson, Joshua and Millman, K. Jarrod and
            Mayorov, Nikolay and Nelson, Andrew R. J. and Jones, Eric and
            Kern, Robert and Larson, Eric and Carey, C J and
            Polat, {\.I}lhan and Feng, Yu and Moore, Eric W. and
            {VanderPlas}, Jake and Laxalde, Denis and Perktold, Josef and
            Cimrman, Robert and Henriksen, Ian and Quintero, E. A. and
            Harris, Charles R. and Archibald, Anne M. and
            Ribeiro, Ant{\^o}nio H. and Pedregosa, Fabian and
            {van Mulbregt}, Paul and {SciPy 1.0 Contributors}},
  title   = {{{SciPy} 1.0: Fundamental Algorithms for Scientific
            Computing in Python}},
  journal = {Nature Methods},
  year    = {2020},
  volume  = {17},
  pages   = {261--272},
  adsurl  = {https://rdcu.be/b08Wh},
  doi     = {10.1038/s41592-019-0686-2},
}

@misc{mostavi_chiu_huang_chen_2020,
        title={Convolutional neural network models for cancer type prediction based on gene expression - BMC medical genomics}, url={https://bmcmedgenomics.biomedcentral.com/articles/10.1186/s12920-020-0677-2#citeas},
        journal={BioMed Central},
        publisher={BMC Medical Genomics},
        author={Mostavi, Milad and Chiu, Yu-Chiao and Huang, Yufei and Chen, Yidong},
        year={2020},
        month={Apr}}

@article{fibro_cardio_2012, title={In vivo reprogramming of murine cardiac fibroblasts into induced cardiomyocytes}, volume={485}, DOI={10.1038/nature11044}, number={7400}, journal={Nature}, author={Qian, Li and Huang, Yu and Spencer, C. Ian and Foley, Amy and Vedantham, Vasanth and Liu, Lei and Conway, Simon J. and Fu, Ji-dong and Srivastava, Deepak}, year={2012}, pages={593–598}}

@article{yamanaka_2006, title={Induction of pluripotent stem cells from mouse embryonic and adult fibroblast cultures by defined factors}, volume={126}, DOI={10.1016/j.cell.2006.07.024}, number={4}, journal={Cell}, author={Takahashi, Kazutoshi and Yamanaka, Shinya}, year={2006}, pages={663–676}}

@article{fibroblast_sertoli_2012, title={Direct reprogramming of fibroblasts into embryonic Sertoli-like cells by defined factors}, volume={11}, DOI={10.1016/j.stem.2012.07.019}, number={3}, journal={Cell Stem Cell}, author={Buganim, Yosef and Itskovich, Elena and Hu, Yueh-Chiang and Cheng, Albert&nbsp;W. and Ganz, Kibibi and Sarkar, Sovan and Fu, Dongdong and Welstead, G. Grant and Page, David&nbsp;C. and Jaenisch, Rudolf and et al.}, year={2012}, pages={373–386}}

@article{mef_hept_2011, title={Direct conversion of mouse fibroblasts to hepatocyte-like cells by defined factors}, url={https://www.nature.com/articles/nature10263}, journal={Nature}, publisher={Nature Publishing Group}, author={Sekiya, Sayaka and Suzuki, Atsushi}, year={2011}, month={Jun}, DOI={10.1038/nature10263},}

@article{ASCL1_dopaminergic_neuron_2021, title={Identification of ASCL1 as a determinant for human IPSC-derived dopaminergic neurons}, volume={11}, DOI={10.1038/s41598-021-01366-4}, number={1}, journal={Scientific Reports}, author={Earley, Aaron M. and Burbulla, Lena F. and Krainc, Dimitri and Awatramani, Rajeshwar}, year={2021}}

@article{cell_repro_review, title={Direct cell reprogramming: Approaches, mechanisms and progress}, volume={22}, DOI={10.1038/s41580-021-00335-z}, number={6}, journal={Nature Reviews Molecular Cell Biology}, author={Wang, Haofei and Yang, Yuchen and Liu, Jiandong and Qian, Li}, year={2021}, pages={410–424}}

@article{lung_subtypes_2014, title={Reconstructing lineage hierarchies of the distal lung epithelium using single-cell RNA-seq}, volume={509}, DOI={10.1038/nature13173}, number={7500}, journal={Nature}, author={Treutlein, Barbara and Brownfield, Doug G. and Wu, Angela R. and Neff, Norma F. and Mantalas, Gary L. and Espinoza, F. Hernan and Desai, Tushar J. and Krasnow, Mark A. and Quake, Stephen R.}, year={2014}, pages={371–375}}

@article{pancreas_subtypes_2016, title={A single-cell transcriptomic map of the human and mouse pancreas reveals inter- and Intra-cell population structure}, volume={3}, DOI={10.1016/j.cels.2016.08.011}, number={4}, journal={Cell Systems}, author={Baron, Maayan and Veres, Adrian and Wolock, Samuel&nbsp;L. and Faust, Aubrey&nbsp;L. and Gaujoux, Renaud and Vetere, Amedeo and Ryu, Jennifer&nbsp;Hyoje and Wagner, Bridget&nbsp;K. and Shen-Orr, Shai&nbsp;S. and Klein, Allon&nbsp;M. and et al.}, year={2016}}

@article{dalessio_2015, title={A systematic approach to identify candidate transcription factors that control cell identity}, volume={5}, DOI={10.1016/j.stemcr.2015.09.016}, number={5}, journal={Stem Cell Reports}, author={D’Alessio, Ana C. and Fan, Zi Peng and Wert, Katherine J. and Baranov, Petr and Cohen, Malkiel A. and Saini, Janmeet S. and Cohick, Evan and Charniga, Carol and Dadon, Daniel and Hannett, Nancy M. and et al.}, year={2015}, pages={763–775}}

@article{mogrify_2016, title={A predictive computational framework for direct reprogramming between human cell types}, volume={48}, DOI={10.1038/ng.3487}, number={3}, journal={Nature Genetics}, author={Rackham, Owen J and Firas, Jaber and Fang, Hai and Oates, Matt E and Holmes, Melissa L and Knaupp, Anja S and Suzuki, Harukazu and Nefzger, Christian M and Daub, Carsten O and Shin, Jay W and et al.}, year={2016}, pages={331–335}}

@article{cellnet_2014, title={Cellnet: Network Biology applied to Stem Cell Engineering}, volume={158}, DOI={10.1016/j.cell.2014.07.020}, number={4}, journal={Cell}, author={Cahan, Patrick and Li, Hu and Morris, Samantha&nbsp;A. and Lummertz&nbsp;da&nbsp;Rocha, Edroaldo and Daley, George&nbsp;Q. and Collins, James&nbsp;J.}, year={2014}, pages={903–915}}

@article{scn_2019, title={SingleCellNet: A computational tool to classify single cell RNA-seq data across platforms and across species}, volume={9}, DOI={10.1016/j.cels.2019.06.004}, number={2}, journal={Cell Systems}, author={Tan, Yuqi and Cahan, Patrick}, year={2019}}

@article{cid_2019, title={Construction of gene causal regulatory networks using microarray data with the coefficient of intrinsic dependence}, volume={60}, DOI={10.1186/s40529-019-0268-8}, number={1}, journal={Botanical Studies}, author={Liu, Li-yu Daisy and Hsiao, Ya-Chun and Chen, Hung-Chi and Yang, Yun-Wei and Chang, Men-Chi}, year={2019}}

@article{pcc_2012, title={Comparison of co-expression measures: Mutual Information, correlation, and model based indices}, volume={13}, DOI={10.1186/1471-2105-13-328}, number={1}, journal={BMC Bioinformatics}, author={Song, Lin and Langfelder, Peter and Horvath, Steve}, year={2012}}

@article{transfac, title={TRANSFAC(R) and its module transcompel(r): Transcriptional gene regulation in eukaryotes}, volume={34}, DOI={10.1093/nar/gkj143}, number={90001}, journal={Nucleic Acids Research}, author={Matys, V.}, year={2006}}

@article{biogrid, title={BioGRID: A general repository for interaction datasets}, volume={34}, DOI={10.1093/nar/gkj109}, number={90001}, journal={Nucleic Acids Research}, author={Stark, C.}, year={2006}}

@article{mef_iMPC_ETH, title={Integrative molecular roadmap for direct conversion of fibroblasts into myocytes and myogenic progenitor cells}, DOI={10.1101/2021.08.20.457151}, journal={bioRxiv}, author={Kim, Inseon and Ghosh, Adhideb and Bundschuh, Nicola and Hinte, Laura and von Meyenn, Ferdinand and Bar-Nur, Ori}, year={2021}}

@article{mef_ipsc_cas, title={Resolving cell fate decisions during somatic cell reprogramming by single-cell RNA-seq}, volume={73}, DOI={10.1016/j.molcel.2019.01.042}, number={4}, journal={Molecular Cell}, author={Guo, Lin and Lin, Lihui and Wang, Xiaoshan and Gao, Mingwei and Cao, Shangtao and Mai, Yuanbang and Wu, Fang and Kuang, Junqi and Liu, He and Yang, Jiaqi and et al.}, year={2019}}

@article{ips_neuron_ascl1, title={Identification of ASCL1 as a determinant for human IPSC-derived dopaminergic neurons}, volume={11}, DOI={10.1038/s41598-021-01366-4}, number={1}, journal={Scientific Reports}, author={Earley, Aaron M. and Burbulla, Lena F. and Krainc, Dimitri and Awatramani, Rajeshwar}, year={2021}}

@article{ips7f, title={Induction of pluripotent stem cells from mouse embryonic fibroblasts by JDP2-jhdm1b-MKK6-GLIS1-Nanog-ESSRB-SALL4}, volume={27}, DOI={10.1016/j.celrep.2019.05.068}, number={12}, journal={Cell Reports}, author={Wang, Bo and Wu, Linlin and Li, Dongwei and Liu, Yuting and Guo, Jing and Li, Chen and Yao, Yuxiang and Wang, Yaofeng and Zhao, Guoqing and Wang, Xiaoshan and et al.}, year={2019}} 
\end{document}
